<?xml version="1.0" encoding="UTF-8"?><collection xmlns="http://www.loc.gov/MARC21/slim"><record><leader>00362nam--2200133-i-4500</leader><controlfield tag="001">000020169</controlfield><controlfield tag="002">20161230</controlfield><controlfield tag="005">20161230201033</controlfield><controlfield tag="008">060222s1000------------r-----000-0-eng-d</controlfield><datafield ind1=" " ind2=" " tag="080"><subfield code="a">530.1:140.8</subfield></datafield><datafield ind1=" " ind2=" " tag="100"><subfield code="a">Florescu, Mihail</subfield></datafield><datafield ind1=" " ind2=" " tag="245"><subfield code="a">Materie si miscare.opinii contemporane</subfield></datafield><datafield ind1=" " ind2=" " tag="260"><subfield code="a">Bucuresti, Edit. Stiintifica Si Enciclopedica, 1980. 168 P</subfield></datafield><datafield ind1=" " ind2=" " tag="852"><subfield code="a">75629</subfield></datafield></record></collection>